@article{whitepaper,
  title={The future hydrology of the Colorado River Basin},
  author={Salehabadi, Homa and Tarboton, David and Kuhn, Eric and Udall, Brad and Wheeler, Kevin and Rosenberg, David and Goeking, Sara and Schmidt, John C},
  journal={The Future of the Colorado River Project, White Paper No. 4. Logan, UT: Utah State University, Quinney College of Natural Resources Center for Colorado River Studies. 71 p.},
  year={2020}
}
@article{water_transfer_triggering_mechanism,
  title={Water transfer triggering mechanism for multi-reservoir operation in inter-basin water transfer-supply project},
  author={Zeng, Xiang and Hu, Tiesong and Guo, Xuning and Li, Xinjie},
  journal={Water resources management},
  volume={28},
  number={5},
  pages={1293--1308},
  year={2014},
  publisher={Springer}
}
@article{chen2015tale,
  title={A tale of two rivers: Pathways for improving water management in the Jordan and Colorado River basins},
  author={Chen, Assaf and Abramson, Adam and Becker, Nir and Megdal, Sharon B},
  journal={Journal of Arid Environments},
  volume={112},
  pages={109--123},
  year={2015},
  publisher={Elsevier}
}
